
@book{howard1998,
  title = {Consequences of the Axiom of Choice},
  author = {Howard, Paul and Rubin, Jean E.},
  date = {1998},
  series = {Mathematical Surveys and Monographs},
  number = {v. 59},
  publisher = {{American Mathematical Society}},
  location = {{Providence, R.I}},
  isbn = {978-0-8218-0977-8},
  pagetotal = {432},
  keywords = {axiom of choice},
  file = {/media/storage/sciebo pbox/Logik Vitus Sch√§fftlein/Zotero/storage/P8ZUC27T/Howard_Rubin_1998_Consequences of the axiom of choice.pdf}
}


