
@article{1931,
  title = {Literatur Zur {{Grundlegung}} Der {{Mathematik}}},
  date = {1931},
  journaltitle = {Erkenntnis},
  volume = {2},
  eprint = {20011634},
  eprinttype = {jstor},
  pages = {151--155},
  publisher = {{Springer}},
  issn = {1876-2514},
  file = {/media/storage/sciebo pbox/Logik Vitus Sch√§fftlein/Zotero/storage/96TARC2M/1931 - Literatur zur Grundlegung der Mathematik.pdf}
}

@book{1965,
  title = {Was sind und was sollen die Zahlen? Stetigkeit und Irrationale Zahlen},
  shorttitle = {Was sind und was sollen die Zahlen?},
  date = {1965},
  url = {https://doi.org/10.1007/978-3-663-19573-3},
  urldate = {2021-11-05},
  isbn = {978-3-663-19573-3},
  langid = {german},
  keywords = {history of mathematics,history of set theory,primary source},
  annotation = {OCLC: 864734690},
  file = {/media/storage/sciebo pbox/Logik Vitus Sch√§fftlein/Zotero/storage/VUCFUUWC/1965_Was sind und was sollen die Zahlen.pdf}
}

@book{1998,
  title = {Truth, Proof and Infinity A Theory of Constructions and Constructive Reasoning},
  date = {1998},
  url = {https://doi.org/10.1007/978-94-017-3616-9},
  urldate = {2021-10-29},
  isbn = {978-94-017-3616-9},
  langid = {german},
  keywords = {mathematical constructivism},
  annotation = {OCLC: 864079986},
  file = {/media/storage/sciebo pbox/Logik Vitus Sch√§fftlein/Zotero/storage/MDGXPSNJ/1998_Truth, Proof and Infinity A Theory of Constructions and Constructive Reasoning.pdf}
}

@book{2000,
  title = {History and Philosophy of Constructive Type Theory},
  date = {2000},
  url = {https://doi.org/10.1007/978-94-015-9393-9},
  urldate = {2021-07-10},
  isbn = {978-94-015-9393-9},
  langid = {german},
  keywords = {type theory},
  annotation = {OCLC: 863922885},
  file = {/media/storage/sciebo pbox/Logik Vitus Sch√§fftlein/Zotero/storage/25HDI5GW/2000 - History and Philosophy of Constructive Type Theory.pdf}
}

@book{2002,
  title = {Encyclopaedia of Mathematics, Supplement III},
  date = {2002},
  url = {https://doi.org/10.1007/978-0-306-48373-8},
  urldate = {2021-11-01},
  isbn = {978-0-306-48373-8},
  langid = {german},
  annotation = {OCLC: 863979317}
}

@incollection{andrews2001,
  title = {Classical {{Type Theory}}},
  booktitle = {Handbook of Automated Reasoning},
  author = {Andrews, Peter},
  editor = {Robinson, J. A. and Voronkov, Andrei},
  date = {2001},
  volume = {2},
  publisher = {{Elsevier ; MIT Press}},
  location = {{Amsterdam ; New York : Cambridge, Mass}},
  keywords = {type theory},
  file = {/media/storage/sciebo pbox/Logik Vitus Sch√§fftlein/Zotero/storage/NT3B337F/Andrews_2001_Classical Type Theory.pdf}
}

@incollection{anellis2008,
  title = {The {{First Russell Paradox}}},
  booktitle = {Perspectives on the History of Mathematical Logic},
  author = {Anellis, Irving H.},
  editor = {Drucker, Thomas},
  date = {2008},
  series = {Modern {{Birkh√§user}} Classics},
  publisher = {{Birkh√§user}},
  location = {{Boston}},
  isbn = {978-0-8176-4768-1},
  keywords = {history of logic,history of mathematics,history of set theory,paradoxes},
  annotation = {OCLC: ocn213354737},
  file = {/media/storage/sciebo pbox/Logik Vitus Sch√§fftlein/Zotero/storage/ZU57SLBX/Anellis_2008_The First Russell Paradox.pdf}
}

@book{barendregt2013a,
  title = {Lambda {{Calculus}} with {{Types}}},
  author = {Barendregt, Henk and Dekkers, Wil and Statman, Richard},
  date = {2013},
  publisher = {{Cambridge University Press}},
  location = {{Cambridge}},
  doi = {10.1017/CBO9781139032636},
  url = {http://ebooks.cambridge.org/ref/id/CBO9781139032636},
  urldate = {2021-10-14},
  isbn = {978-1-139-03263-6},
  langid = {english},
  keywords = {lambda calculus,type theory},
  file = {/media/storage/sciebo pbox/Logik Vitus Sch√§fftlein/Zotero/storage/E7R75VSA/Barendregt et al. - 2013 - Lambda Calculus with Types.pdf}
}

@incollection{bell2012,
  title = {Types, {{Sets}}, and {{Categories}}},
  booktitle = {Handbook of the {{History}} of {{Logic}}},
  author = {Bell, John L.},
  date = {2012},
  volume = {6},
  pages = {633--687},
  publisher = {{Elsevier}},
  doi = {10.1016/B978-0-444-51621-3.50009-8},
  url = {https://linkinghub.elsevier.com/retrieve/pii/B9780444516213500098},
  urldate = {2021-07-10},
  isbn = {978-0-444-51621-3},
  langid = {english},
  keywords = {handbook,history of logic,history of type theory,type theory},
  file = {/media/storage/sciebo pbox/Logik Vitus Sch√§fftlein/Zotero/storage/H7XX2W82/Bell - 2012 - Types, Sets, and Categories.pdf}
}

@incollection{bernays1958,
  title = {Historical {{Introduction}}},
  booktitle = {Axiomatic {{Set Theory}} with a {{Historical Introduction}} by {{Abraham A}}. {{Fraenkel}}},
  author = {Bernays, Paul},
  date = {1958},
  publisher = {{North-Holland Publishing Company}},
  location = {{Amsterdam}},
  keywords = {history of set theory},
  file = {/media/storage/sciebo pbox/Logik Vitus Sch√§fftlein/Zotero/storage/NKSR9MYP/Bernays_1958_.pdf}
}

@book{bernays1958a,
  title = {Axiomatic {{Set Theory}} with a {{Historical Introduction}} by {{Abraham A}}. {{Fraenkel}}},
  author = {Bernays, Paul},
  date = {1958},
  publisher = {{North-Holland Publishing Company}},
  location = {{Amsterdam}},
  keywords = {history of set theory},
  file = {/media/storage/sciebo pbox/Logik Vitus Sch√§fftlein/Zotero/storage/DG52IP45/Bernays_1958_Axiomatic Set Theory with a Historical Introduction by Abraham A.pdf}
}

@incollection{beth2010a,
  title = {The {{Paradoxes}}},
  booktitle = {Mathematical Thought: An Introduction to the Philosophy of Mathematics.},
  author = {Beth, E. W},
  date = {2010},
  publisher = {{Springer}},
  location = {{Place of publication not identified}},
  isbn = {978-90-481-8327-2},
  langid = {english},
  keywords = {history of mathematics,paradoxes,philosophy of mathematics,set theory},
  annotation = {OCLC: 942908770},
  file = {/media/storage/sciebo pbox/Logik Vitus Sch√§fftlein/Zotero/storage/QVWPH2B7/Beth_2010_.pdf}
}

@book{brady2000,
  title = {From {{Peirce}} to {{Skolem}}: A Neglected Chapter in the History of Logic},
  shorttitle = {From {{Peirce}} to {{Skolem}}},
  author = {Brady, Geraldine},
  date = {2000},
  publisher = {{North-Holland/Elsevier Science BV}},
  location = {{Amsterdam; New York}},
  url = {http://site.ebrary.com/id/10191497},
  urldate = {2021-07-01},
  abstract = {This book is an account of the important influence on the development of mathematical logic of Charles S. Peirce and his student O.H. Mitchell, through the work of Ernst Schr√∂der, Leopold L√∂wenheim, and Thoralf Skolem. As far as we know, this book is the first work delineating this line of influence on modern mathematical logic.},
  isbn = {978-0-444-50334-3 978-0-08-053202-8},
  langid = {english},
  annotation = {OCLC: 162131210},
  file = {/media/storage/sciebo pbox/Logik Vitus Sch√§fftlein/Zotero/storage/PB3WWP2J/Brady_2000_From Peirce to Skolem.pdf}
}

@article{brown1906,
  title = {On {{Some Difficulties}} in the {{Theory}} of {{Transfinite Numbers}} and {{Order Types}}.},
  author = {Brown, Harold Chapman and Russell, B.},
  date = {1906-07-05},
  journaltitle = {The Journal of Philosophy, Psychology and Scientific Methods},
  shortjournal = {The Journal of Philosophy, Psychology and Scientific Methods},
  volume = {3},
  number = {14},
  eprint = {2011035},
  eprinttype = {jstor},
  pages = {388},
  issn = {01609335},
  doi = {10.2307/2011035},
  keywords = {history of set theory,primary source},
  file = {/media/storage/sciebo pbox/Logik Vitus Sch√§fftlein/Zotero/storage/HPTBMBZ2/Brown_Russell_1906_On Some Difficulties in the Theory of Transfinite Numbers and Order Types.pdf}
}

@incollection{bunn2000,
  title = {Developments in the {{Foundations}} of {{Mathematics}}, 1870-1910},
  booktitle = {From the Calculus to Set Theory, 1630-1910: An Introductory History},
  author = {Bunn, Bob},
  editor = {Grattan-Guinness, I. and Bos, H. J. M.},
  date = {2000},
  series = {Princeton Paperbacks},
  edition = {Princeton ed},
  publisher = {{Princeton University Press}},
  location = {{Princeton}},
  isbn = {978-0-691-07082-7},
  keywords = {history of set theory,interessant,set theory},
  file = {/media/storage/sciebo pbox/Logik Vitus Sch√§fftlein/Zotero/storage/VAZVH7YJ/Bunn_2000_Developments in the Foundations of Mathematics, 1870-1910.pdf}
}

@article{button2021,
  title = {Against {{Cumulative Type Theory}}},
  author = {Button, Tim and Trueman, Robert},
  date = {2021-09-02},
  journaltitle = {The Review of Symbolic Logic},
  shortjournal = {The Review of Symbolic Logic},
  pages = {1--46},
  issn = {1755-0203, 1755-0211},
  doi = {10.1017/S1755020321000435},
  url = {https://www.cambridge.org/core/product/identifier/S1755020321000435/type/journal_article},
  urldate = {2021-10-11},
  abstract = {Standard Type Theory, STT, tells us that ùëèùëõ(ùëéùëö) is well-formed iff ùëõ = ùëö + 1. However, Linnebo and Rayo (2012) have advocated for the use of Cumulative Type Theory, CTT, which has more relaxed type-restrictions: according to CTT, ùëèùõΩ(ùëéùõº) is well-formed iff ùõΩ {$>$} ùõº. In this paper, we set ourselves against CTT. We begin our case by arguing against Linnebo and Rayo‚Äôs claim that CTT sheds new philosophical light on set theory. We then argue that, while CTT‚Äôs type-restrictions are unjustifiable, the type-restrictions imposed by STT are justified by a Fregean semantics. What is more, this Fregean semantics provides us with a principled way to resist Linnebo and Rayo‚Äôs Semantic Argument for CTT. We end by examining an alternative approach to cumulative types due to Florio and Jones (2021); we argue that their theory is best seen as a misleadingly formulated version of STT.},
  langid = {english},
  keywords = {type theory},
  annotation = {preprint},
  file = {/media/storage/sciebo pbox/Logik Vitus Sch√§fftlein/Zotero/storage/IYV8BNUH/Button und Trueman - 2021 - Against Cumulative Type Theory.pdf}
}

@book{cantor1984,
  title = {√úber unendliche, lineare Punktmannigfaltigkeiten: Arbeiten zur Mengenlehre aus den Jahren 1872-1884},
  shorttitle = {√úber unendliche, lineare Punktmannigfaltigkeiten},
  author = {Cantor, Georg},
  date = {1984},
  url = {http://link.springer.com/openurl?genre=book&isbn=978-3-211-95826-1},
  urldate = {2021-10-28},
  isbn = {978-3-7091-9516-1 978-3-211-95826-1},
  langid = {german},
  keywords = {history of set theory,primary source},
  annotation = {OCLC: 913691945},
  file = {/media/storage/sciebo pbox/Logik Vitus Sch√§fftlein/Zotero/storage/F7D7GLGN/Cantor_1984_√úber unendliche, lineare Punktmannigfaltigkeiten.pdf}
}

@incollection{cardone2009,
  title = {Lambda-{{Calculus}} and {{Combinators}} in the 20th {{Century}}},
  booktitle = {Handbook of the {{History}} of {{Logic}}},
  author = {Cardone, Felice and Hindley, J. Roger},
  date = {2009},
  volume = {5},
  pages = {723--817},
  publisher = {{Elsevier}},
  doi = {10.1016/S1874-5857(09)70018-4},
  url = {https://linkinghub.elsevier.com/retrieve/pii/S1874585709700184},
  urldate = {2021-07-10},
  isbn = {978-0-444-51620-6},
  langid = {english},
  keywords = {history of logic,history of type theory},
  file = {/media/storage/sciebo pbox/Logik Vitus Sch√§fftlein/Zotero/storage/G3JUQ5NJ/Cardone und Hindley - 2009 - Lambda-Calculus and Combinators in the 20th Centur.pdf}
}

@book{christianiavidenskabs-selskab.i--math.-naturv.klasse1911,
  title = {Skrifter utgit av Videnskapsselskapet i Kristiania},
  author = {{Christiania videnskabs-selskab. I--Math.-naturv. klasse}},
  date = {1911},
  publisher = {{Kristiania : I Kommission hos J. Dybwad}},
  url = {http://archive.org/details/skrifterutgitavv201chri},
  urldate = {2021-11-26},
  abstract = {Title from volume title page; Index to the years 1894-1924 is included in "Register til Forhandlinger og Skrifter utgit av Videnskaps-selskapet i Kristiania, 1858-1924."; Shelved with: Skrifter utgitt av det Norske videnskaps-akademi i Oslo. I, Matematisk-naturvidenskapelig klasse},
  editora = {New York Botanical Garden, LuEsther T. Mertz Library},
  editoratype = {collaborator},
  langid = {danish},
  pagetotal = {716},
  keywords = {l√∂wenheim-skolem}
}

@book{copi2011,
  title = {The Theory of Logical Types},
  author = {Copi, Irving M.},
  date = {2011},
  series = {Routledge Revivals},
  publisher = {{Routledge \&Kegan Paul}},
  location = {{London}},
  isbn = {978-0-203-82955-4 978-0-415-61703-1},
  langid = {english},
  pagetotal = {129},
  keywords = {type theory},
  file = {/media/storage/sciebo pbox/Logik Vitus Sch√§fftlein/Zotero/storage/VXPBX2JJ/Copi - 2011 - The theory of logical types.pdf}
}

@incollection{coquand2018,
  title = {Type {{Theory}}},
  booktitle = {The {{Stanford Encyclopedia}} of {{Philosophy}}},
  author = {Coquand, Thierry},
  editor = {Zalta, Edward N.},
  date = {2018},
  edition = {Fall 2018},
  publisher = {{Metaphysics Research Lab, Stanford University}},
  url = {https://plato.stanford.edu/archives/fall2018/entriesype-theory/},
  urldate = {2021-10-14},
  abstract = {The topic of type theory is fundamental both in logic and computerscience. We limit ourselves here to sketch some aspects that areimportant in logic. For the importance of types in computer science, werefer the reader for instance to Reynolds 1983 and 1985.},
  keywords = {type theory},
  file = {/media/storage/sciebo pbox/Logik Vitus Sch√§fftlein/Zotero/storage/5R6W5VY2/Zalta et al. - Stanford Encyclopedia of Philosophy.pdf}
}

@incollection{dauben2000,
  title = {The {{Development}} of {{Cantorian Set Theory}}},
  booktitle = {From the Calculus to Set Theory, 1630-1910: An Introductory History},
  author = {Dauben, Joseph W.},
  editor = {Grattan-Guinness, I. and Bos, H. J. M.},
  date = {2000},
  series = {Princeton Paperbacks},
  edition = {Princeton ed},
  publisher = {{Princeton University Press}},
  location = {{Princeton}},
  isbn = {978-0-691-07082-7},
  keywords = {history of set theory,interessant,set theory},
  file = {/media/storage/sciebo pbox/Logik Vitus Sch√§fftlein/Zotero/storage/444WLLPF/Dauben_2000_The Development of Cantorian Set Theory.pdf}
}

@book{decock2010,
  title = {Trading Ontology for Ideology: The Interplay of Logic, Set Theory and Semantics in {{Quine}}'s Philosophy},
  shorttitle = {Trading Ontology for Ideology},
  author = {Decock, Lieven},
  date = {2010},
  series = {Synthese Library},
  number = {313},
  publisher = {{Kluwer}},
  location = {{Dordrecht}},
  isbn = {978-90-481-6121-8},
  langid = {english},
  pagetotal = {268},
  keywords = {set theory},
  file = {/media/storage/sciebo pbox/Logik Vitus Sch√§fftlein/Zotero/storage/C4CU8WXB/Decock_2010_Trading ontology for ideology.pdf}
}

@book{deiser2010,
  title = {Einf√ºhrung in die Mengenlehre},
  author = {Deiser, Oliver},
  date = {2010},
  series = {Springer-Lehrbuch},
  publisher = {{Springer Berlin Heidelberg}},
  location = {{Berlin, Heidelberg}},
  doi = {10.1007/978-3-642-01445-1},
  url = {http://www.crossref.org/deleted_DOI.html},
  urldate = {2020-11-10},
  isbn = {978-3-642-01444-4 978-3-642-01445-1},
  langid = {german},
  keywords = {introduction,set theory},
  file = {/media/storage/sciebo pbox/Logik Vitus Sch√§fftlein/Zotero/storage/SM88ZH2Q/Deiser - 2010 - Einf√ºhrung in die Mengenlehre.pdf}
}

@incollection{deiser2010a,
  title = {Zeittafel zur fr√ºhen Mengenlehre},
  booktitle = {Einf√ºhrung in die Mengenlehre},
  author = {Deiser, Oliver},
  date = {2010},
  series = {Springer-Lehrbuch},
  publisher = {{Springer Berlin Heidelberg}},
  location = {{Berlin, Heidelberg}},
  doi = {10.1007/978-3-642-01445-1},
  url = {http://www.crossref.org/deleted_DOI.html},
  urldate = {2020-11-10},
  isbn = {978-3-642-01444-4 978-3-642-01445-1},
  langid = {german},
  keywords = {history of set theory,introduction,set theory},
  file = {/media/storage/sciebo pbox/Logik Vitus Sch√§fftlein/Zotero/storage/2Y6DY9LK/Deiser_2010_Zeittafel zur fr√ºhen Mengenlehre.pdf}
}

@incollection{deiser2010b,
  title = {Paradoxien der naiven Mengenlehre},
  booktitle = {Einf√ºhrung in die Mengenlehre},
  author = {Deiser, Oliver},
  date = {2010},
  series = {Springer-Lehrbuch},
  publisher = {{Springer Berlin Heidelberg}},
  location = {{Berlin, Heidelberg}},
  doi = {10.1007/978-3-642-01445-1},
  url = {http://www.crossref.org/deleted_DOI.html},
  urldate = {2020-11-10},
  isbn = {978-3-642-01444-4 978-3-642-01445-1},
  langid = {german},
  keywords = {history of set theory,introduction,paradoxes,set theory},
  file = {/media/storage/sciebo pbox/Logik Vitus Sch√§fftlein/Zotero/storage/XPT7CES8/Deiser_2010_Paradoxien der naiven Mengenlehre.pdf}
}

@book{drucker2008,
  title = {Perspectives on the History of Mathematical Logic},
  editor = {Drucker, Thomas},
  date = {2008},
  series = {Modern {{Birkh√§user}} Classics},
  publisher = {{Birkh√§user}},
  location = {{Boston}},
  isbn = {978-0-8176-4768-1},
  pagetotal = {195},
  keywords = {history of logic,history of mathematics,history of set theory},
  annotation = {OCLC: ocn213354737},
  note = {Most papers given originally at a session at the American Mathematical Society's meeting in Chicago in March 1985 "Reprint of the 1991 edition"--T. p Contains title pages for 2008 ed. and 1991 ed
\par
Problem of elimination in the algebra of logic -- Peirce and the law of distribution -- First Russell paradox -- Principia mathematica and the development of automated theorem proving -- Oswald Veblen and the origins of mathematical logic at Princeton -- L√∂wenheim-Skolem theorem, theories of quantification, and proof theory -- Reception of G√∂del's incompleteness theorems -- G√∂del's and some other examples of problem transmutation -- Development of self-reference : L√∂b's theorem -- Unintended interpretations of intuitionistic logic -- Writing of Introduction to metamathematics -- In memoriam : Haskell Brooks Curry -- Work of J. Richard B√ºchi},
  file = {/media/storage/sciebo pbox/Logik Vitus Sch√§fftlein/Zotero/storage/Q4JJ3FQT/Drucker_American Mathematical Society_2008_Perspectives on the history of mathematical logic.pdf}
}

@book{felgner1979,
  title = {Mengenlehre},
  editor = {Felgner, Ulrich},
  date = {1979},
  publisher = {{Wissenschaftliche Buchgesellschaft [Abt. Verl.]}},
  location = {{Darmstadt}},
  isbn = {978-3-534-06711-4},
  langid = {german},
  pagetotal = {331},
  keywords = {historical,history of set theory,introduction,primary source,set theory},
  file = {/media/storage/sciebo pbox/Logik Vitus Sch√§fftlein/Zotero/storage/XKVPZ95K/Felgner - 1979 - Mengenlehre.pdf}
}

@incollection{ferreiros2020,
  title = {The {{Early Development}} of {{Set Theory}}},
  booktitle = {The {{Stanford Encyclopedia}} of {{Philosophy}}},
  author = {Ferreir√≥s, Jos√©},
  editor = {Zalta, Edward N.},
  date = {2020},
  edition = {Summer 2020},
  publisher = {{Metaphysics Research Lab, Stanford University}},
  url = {https://plato.stanford.edu/archives/sum2020/entries/settheory-early/},
  urldate = {2021-10-17},
  abstract = {Set theory is one of the greatest achievements of modern mathematics.Basically all mathematical concepts, methods, and results admit ofrepresentation within axiomatic set theory. Thus set theory has servedquite a unique role by systematizing modern mathematics, andapproaching in a unified form all basic questions about admissiblemathematical arguments‚Äîincluding the thorny question ofexistence principles. This entry covers in outline the convolutedprocess by which set theory came into being, covering roughly theyears 1850 to 1930., In 1910, Hilbert wrote that set theory is , This already suggests that, in order to discuss the early history, itis necessary to distinguish two aspects of set theory: its role as afundamental language and repository of the basic principles of modernmathematics; and its role as an independent branch of mathematics,classified (today) as a branch of mathematical logic. Both aspects areconsidered here. , The first section examines the origins and emergence of settheoretic mathematics around 1870; this is followed by a discussion ofthe period of expansion and consolidation of the theory up to1900. Section 3 provides a look at the critical period in thedecades 1897 to 1918, and Section 4 deals with the time from Zermelo toG√∂del (from theory to metatheory), with special attention to theoften overlooked, but crucial, descriptive set theory.},
  keywords = {historical,history of set theory,set theory,stro},
  file = {/media/storage/sciebo pbox/Logik Vitus Sch√§fftlein/Zotero/storage/UUV8J7YT/Ferreir√≥s_2020_The Early Development of Set Theory.pdf;/media/storage/sciebo pbox/Logik Vitus Sch√§fftlein/Zotero/storage/PDGG8DNC/settheory-early.html}
}

@book{ferreirosdominguez2007,
  title = {Labyrinth of {{Thought}}: {{A History}} of {{Set Theory}} and {{Its Role}} in {{Modern Mathematics}}},
  shorttitle = {Labyrinth of {{Thought}}},
  author = {Ferreir√≥s Dom√≠nguez, Jos√©},
  date = {2007},
  publisher = {{Birkh√§user Basel Springer e-books}},
  location = {{Basel}},
  abstract = {Labyrinth of Thought discusses the emergence and development of set theory and the set-theoretic approach to mathematics during the period 1850-1940. Rather than focusing on the pivotal figure of Georg Cantor, it analyzes his work and the emergence of transfinite set theory within the broader context of the rise of modern mathematics. The text has a tripartite structure. Part 1, The Emergence of Sets within Mathematics, surveys the initial motivations for a mathematical notion of a set within several branches of the discipline (geometry, algebra, algebraic number theory, real and complex analysis), emphasizing the role played by Riemann in fostering acceptance of the set-theoretic approach. In Part 2, Entering the Labyrinth, attention turns to the earliest theories of sets, their evolution, and their reception by the mathematical community; prominent are the epoch-making contributions of Cantor and Dedekind, and the complex interactions between them. Part 3, In Search of an Axiom System, studies the four-decade period from the discovery of set-theoretic paradoxes to G√∂del's independence results, an era during which set theory gradually became assimilated into mainstream mathematics; particular attention is given to the interactions between axiomatic set theory and modern systems of formal logic, especially the interplay between set theory and type theory. A new Epilogue for this second edition offers further reflections on the foundations of set theory, including the "dichotomy conception" and the well-known iterative conception. "The author paints on a grand scale. He sees clearly, and he sees whole. The result is a spacious canvas full of intriguing scenes and portraits from the history of set theory, seamlessly juxtaposed to form a fascinating and accurate picture of a vast area of modern mathematics. It is a must-have book for anyone who wishes to gain a balanced picture of this history. It is written in clear and elegant language for the learner, while experts in the area will enjoy seeing this beautiful presentation of what they already know, perhaps arguing about some of the author's conclusions and choices of material." (Roger Cooke, University of Vermont)},
  isbn = {978-3-7643-8350-3},
  langid = {english},
  keywords = {history of set theory,interessant,set theory},
  file = {/media/storage/sciebo pbox/Logik Vitus Sch√§fftlein/Zotero/storage/LADPCAFL/Ferreir√≥s Dom√≠nguez_2007_Labyrinth of Thought.pdf}
}

@article{fraenkel1922,
  title = {Axiomatische Begr√ºndung der transfiniten Kardinalzahlen. I},
  author = {Fraenkel, Adolf},
  date = {1922-12-01},
  journaltitle = {Mathematische Zeitschrift},
  shortjournal = {Math Z},
  volume = {13},
  number = {1},
  pages = {153--188},
  issn = {1432-1823},
  doi = {10.1007/BF01485286},
  url = {https://doi.org/10.1007/BF01485286},
  urldate = {2021-11-16},
  langid = {german},
  keywords = {history of set theory,primary source},
  file = {/media/storage/sciebo pbox/Logik Vitus Sch√§fftlein/Zotero/storage/63KZZLKW/Fraenkel - 1922 - Axiomatische Begr√ºndung der transfiniten Kardinalz.pdf}
}

@article{fraenkel1922a,
  title = {Zu den Grundlagen der Cantor-Zermeloschen Mengenlehre},
  author = {Fraenkel, Adolf},
  date = {1922-09},
  journaltitle = {Mathematische Annalen},
  shortjournal = {Math. Ann.},
  volume = {86},
  number = {3-4},
  pages = {230--237},
  issn = {0025-5831, 1432-1807},
  doi = {10.1007/BF01457986},
  url = {http://link.springer.com/10.1007/BF01457986},
  urldate = {2021-11-01},
  langid = {german},
  keywords = {history of set theory,primary source},
  file = {/media/storage/sciebo pbox/Logik Vitus Sch√§fftlein/Zotero/storage/HK4KVE2V/Fraenkel_1922_Zu den Grundlagen der Cantor-Zermeloschen Mengenlehre.pdf}
}

@incollection{fraenkel1922b,
  title = {Der {{Begriff}}  "Definit" Und Die {{Unabh√§ngigkeit}} Des {{Auswahlaxioms}}},
  booktitle = {Sitzungsberichte Der {{Preussischen Akademie}} Der {{Wissenschaften}}, {{Physikalisch-Mathematische Klasse}}},
  author = {Fraenkel, Abraham Adolf},
  date = {1922-07-06},
  publisher = {{Verlag der Akademie der Wissenschaften}},
  location = {{Berlin}},
  keywords = {history of set theory,primary source},
  file = {/media/storage/sciebo pbox/Logik Vitus Sch√§fftlein/Zotero/storage/N5HW5RH8/Fraenkel_1922_Der Begriff definit und die Unabh√§ngigkeit des Auswahlaxioms.pdf}
}

@article{fraenkel1924,
  title = {Die Neueren {{Ideen}} Zur {{Grundlegung}} Der {{Analysis}} Und {{Mengenlehre}}},
  author = {Fraenkel, Abraham Adolf},
  date = {1924},
  journaltitle = {Jahresbericht der deutschen Mathematikervereinigung},
  volume = {33},
  pages = {97--103},
  keywords = {history of set theory,primary source},
  file = {/media/storage/sciebo pbox/Logik Vitus Sch√§fftlein/Zotero/storage/CMG53KV6/Fraenkel - 1924 - Die neueren Ideen zur Grundlegung der Analysis und.pdf}
}

@article{fraenkel1925,
  title = {Untersuchungen √úber Die {{Grundlagen}} Der {{Mengenlehre}}},
  author = {Fraenkel, Abraham Adolf},
  date = {1925},
  journaltitle = {Mathematische Zeitschrift},
  volume = {22},
  pages = {250--273},
  keywords = {history of set theory,primary source},
  note = {I invited the young scholar\\
to vist me (in Marburg) and discussed things with him, strongly advising him\\
to prepare the ground for the understanding of so technical an essay by a more\\
informal essay which should stress the new access to the problem and its fundamental\\
consequences. He wrote such an essay under the title 'Eine Axiomatisierung\\
der Mengenlehre', and I published it in 1925 in the Journal der\\
Mathematik (vol. 154) [von Neumann [1925]] of which I was then Associate\\
Editor.},
  file = {/media/storage/sciebo pbox/Logik Vitus Sch√§fftlein/Zotero/storage/CX7WTSIQ/Fraenkel - 1925 - Untersuchungen √ºber die Grundlagen der Mengenlehre.pdf}
}

@article{fraenkel1926,
  title = {Axiomatische {{Theorie}} Der Geordneten {{Mengen}} ({{Untersuchungen}} √úber Die {{Grundlagen}} Der {{Mengenlehre}}. {{II}}.)},
  author = {Fraenkel, Abraham Adolf},
  date = {1926},
  journaltitle = {Journal f√ºr die reine und angewandte Mathematik},
  volume = {155},
  pages = {129--158},
  keywords = {history of set theory,primary source,tupel},
  file = {/media/storage/sciebo pbox/Logik Vitus Sch√§fftlein/Zotero/storage/Y9R89SH9/Fraenkel_1926_Axiomatische Theorie der geordneten Mengen (Untersuchungen √ºber die Grundlagen.pdf}
}

@book{fraenkel1927,
  title = {Zehn Vorlesungen Uber die Grundlegung der Mengenlehre: Gehalten in Kiel auf Einladung der Kant-Gesellschaft, Ortsgruppe Kiel, vom 8.-12. Juni 1925},
  shorttitle = {Zehn Vorlesungen Uber die Grundlegung der Mengenlehre},
  author = {Fraenkel, Adolf},
  date = {1927},
  url = {http://link.springer.com/openurl?genre=book&isbn=978-3-663-15178-4},
  urldate = {2021-11-16},
  isbn = {978-3-663-15178-4},
  langid = {german},
  keywords = {history of set theory,primary source},
  annotation = {OCLC: 913728301},
  file = {/media/storage/sciebo pbox/Logik Vitus Sch√§fftlein/Zotero/storage/MCDVCDMD/Fraenkel - 1927 - Zehn Vorlesungen Uber die Grundlegung der Mengenle.pdf}
}

@book{fraenkel1928,
  title = {Einleitung in Die Mengenlehre},
  author = {Fraenkel, Abraham Adolf},
  date = {1928},
  publisher = {{Springer Berlin / Heidelberg}},
  location = {{Berlin, Heidelberg}},
  isbn = {978-3-662-42029-4},
  langid = {german},
  keywords = {primary source},
  file = {/media/storage/sciebo pbox/Logik Vitus Sch√§fftlein/Zotero/storage/M9RB92KW/Fraenkel_1928_Einleitung in Die Mengenlehre.pdf}
}

@book{goldrei1998,
  title = {Classic Set Theory: A Guided Independent Study},
  shorttitle = {Classic Set Theory},
  author = {Goldrei, Derek},
  date = {1998},
  edition = {1. ed., 1. repr},
  publisher = {{Chapman \& Hall/CRC}},
  location = {{Boca Raton, Fla.}},
  isbn = {978-0-412-60610-6},
  langid = {english},
  pagetotal = {287},
  keywords = {construction of numbers,set theory},
  file = {/media/storage/sciebo pbox/Logik Vitus Sch√§fftlein/Zotero/storage/B7DGP9CS/Goldrei_1998_Classic set theory.pdf}
}

@incollection{grattan-guinness1991,
  title = {Introduction},
  booktitle = {Selected Essays on the History of Set Theory and Logics (1906-1918)},
  author = {Grattan-Guinness, Ivor},
  editor = {Grattan-Guinness, Ivor},
  date = {1991},
  publisher = {{CLUEB}},
  location = {{Bologna}},
  langid = {english},
  keywords = {history of set theory},
  file = {/media/storage/sciebo pbox/Logik Vitus Sch√§fftlein/Zotero/storage/LCSWPTB5/Jourdain_1991_.pdf}
}

@book{grattan-guinness2000a,
  title = {From the Calculus to Set Theory, 1630-1910: An Introductory History},
  shorttitle = {From the Calculus to Set Theory, 1630-1910},
  editor = {Grattan-Guinness, Ivor and Bos, H. J. M.},
  date = {2000},
  series = {Princeton Paperbacks},
  edition = {Princeton ed},
  publisher = {{Princeton University Press}},
  location = {{Princeton}},
  isbn = {978-0-691-07082-7},
  pagetotal = {306},
  keywords = {history of set theory,interessant,set theory},
  file = {/media/storage/sciebo pbox/Logik Vitus Sch√§fftlein/Zotero/storage/E8SSEE9K/I. Grattan-Guinness - From the Calculus to Set Theory 1630-1910-Princeton University Press (2000).pdf}
}

@book{haaparanta2009,
  title = {The Development of Modern Logic},
  editor = {Haaparanta, Leila},
  date = {2009-06-18},
  edition = {1},
  publisher = {{Oxford University Press}},
  location = {{Oxford ; New York}},
  abstract = {This edited volume presents a comprehensive history of modern logic from the Middle Ages through the end of the twentieth century. In addition to a history of symbolic logic, the contributors also examine developments in the philosophy of logic and philosophical logic in modern times. The bookbegins with chapters on late medieval developments and logic and philosophy of logic from Humanism to Kant. The following chapters focus on the emergence of symbolic logic with special emphasis on the relations between logic and mathematics, on the one hand, and on logic and philosophy, on theother. This discussion is completed by a chapter on the themes of judgment and inference from 1837-1936. The volume contains a section on the development of mathematical logic from 1900-1935, followed by a section on main trends in mathematical logic after the 1930s. The volume goes on to discussmodal logic from Kant till the late twentieth century, and logic and semantics in the twentieth century; the philosophy of alternative logics; the philosophical aspects of inductive logic; the relations between logic and linguistics in the twentieth century; the relationship between logic andartificial intelligence; and ends with a presentation of the main schools of Indian logic. The Development of Modern Logic includes many prominent philosophers from around the world who work in the philosophy and history of mathematics and logic, who not only survey developments in a given period or area but also seek to make new contributions to contemporary research in the field. It isthe first volume to discuss the field with this breadth of coverage and depth, and will appeal to scholars and students of logic and its philosophy.},
  isbn = {978-0-19-513731-6},
  langid = {Englisch},
  pagetotal = {1008},
  keywords = {history of logic,history of set theory},
  file = {/media/storage/sciebo pbox/Logik Vitus Sch√§fftlein/Zotero/storage/KXD8Z8YS/Haaparanta - 2009 - The Development of Modern Logic.pdf}
}

@book{hallett1988,
  title = {Cantorian Set Theory and Limitation of Size},
  author = {Hallett, Michael},
  date = {1988},
  series = {Oxford Logic Guides},
  number = {10},
  publisher = {{Clarendon Press ; Oxford University Press}},
  location = {{Oxford [England] : New York}},
  isbn = {978-0-19-853179-1 978-0-19-853283-5},
  pagetotal = {343},
  keywords = {history of set theory,set theory},
  file = {/media/storage/sciebo pbox/Logik Vitus Sch√§fftlein/Zotero/storage/LFU7Z2IL/Hallett_1988_Cantorian set theory and limitation of size.pdf}
}

@incollection{hallett1988a,
  title = {The {{Discovery}} of the {{Replacement Axiom}}},
  booktitle = {Cantorian Set Theory and Limitation of Size},
  author = {Hallett, Michael},
  date = {1988},
  series = {Oxford Logic Guides},
  number = {10},
  publisher = {{Clarendon Press ; Oxford University Press}},
  location = {{Oxford [England] : New York}},
  isbn = {978-0-19-853179-1 978-0-19-853283-5},
  keywords = {history of set theory,set theory},
  file = {/media/storage/sciebo pbox/Logik Vitus Sch√§fftlein/Zotero/storage/I79ZVU4M/Hallett_1988_The Discovery of the Replacement Axiom.pdf}
}

@book{heaton2017,
  title = {A Brief History of Mathematical Thought},
  author = {Heaton, Luke},
  date = {2017},
  publisher = {{Oxford University Press}},
  location = {{New York, NY}},
  abstract = {Emblazoned on many advertisements for the wildly popular game of Sudoku are the reassuring words, "no mathematical knowledge required." Anxiety about math plagues many of us, and school memories can still summon intense loathing. In A Brief History of Mathematical Thought, Luke Heaton shows that much of what many think-and fear-about mathematics is misplaced, and to overcome our insecurities we need to understand its history. To help, he offers a lively guide into and through the world of mathematics and mathematicians, one in which patterns and arguments are traced through logic in a language grounded in concrete experience. Heaton reveals how Greek and Roman mathematicians like Pythagoras, Euclid, and Archimedes helped shaped the early logic of mathematics; how the Fibonacci sequence, the rise of algebra, and the invention of calculus are connected; how clocks, coordinates, and logical padlocks work mathematically; and how, in the twentieth century, Alan Turing's revolutionary work on the concept of computation laid the groundwork for the modern world. A Brief History of Mathematical Thought situates mathematics as part of, and essential to, lived experience. Understanding it requires not abstract thought or numbing memorization but an historical imagination and a view to its origins. --},
  isbn = {978-0-19-062176-6},
  pagetotal = {321},
  keywords = {history of set theory},
  file = {/media/storage/sciebo pbox/Logik Vitus Sch√§fftlein/Zotero/storage/SXSNDUNI/Heaton_2017_A brief history of mathematical thought.pdf}
}

@book{hilbert2015,
  title = {David Hilbert: Grundlagen der Geometrie (Festschrift 1899)},
  shorttitle = {David Hilbert},
  author = {Hilbert, David},
  editor = {Volkert, Klaus},
  date = {2015},
  origdate = {1899},
  series = {Klassische Texte der Wissenschaft},
  publisher = {{Springer}},
  location = {{Berlin Heidelberg}},
  isbn = {978-3-662-45568-5},
  langid = {german},
  pagetotal = {268},
  keywords = {primary source},
  file = {/media/storage/sciebo pbox/Logik Vitus Sch√§fftlein/Zotero/storage/H9X74B94/(Klassische Texte der Wissenschaft) Klaus Volkert (eds.) - David Hilbert_ Grundlagen der Geometrie (Festschrift 1899)-Springer Spektrum (2015).pdf}
}

@book{hindley1997,
  title = {Basic Simple Type Theory},
  author = {Hindley, J. Roger},
  date = {1997},
  series = {Cambridge Tracts in Theoretical Computer Science},
  number = {42},
  publisher = {{Cambridge University Press}},
  location = {{Cambridge, U.K. ; New York, NY, USA}},
  isbn = {978-0-521-46518-2},
  pagetotal = {186},
  keywords = {type theory},
  file = {/media/storage/sciebo pbox/Logik Vitus Sch√§fftlein/Zotero/storage/HJMQNZB3/Hindley_1997_Basic simple type theory.pdf}
}

@book{hirvonen2015,
  title = {Logic without Borders: Essays on Set Theory, Model Theory, Philosophical Logic, and Philosophy of Mathematics},
  shorttitle = {Logic without Borders},
  editor = {Hirvonen, √Ösa and Kontinen, Juha and Kossak, Roman and Villaveces, Andr√©s},
  date = {2015},
  series = {Ontos Mathematical Logic},
  number = {volume 5},
  publisher = {{De Gruyter}},
  location = {{Boston}},
  isbn = {978-1-61451-772-6},
  pagetotal = {421},
  keywords = {history of set theory,set theory},
  note = {Subtitle from cover},
  file = {/media/storage/sciebo pbox/Logik Vitus Sch√§fftlein/Zotero/storage/LTTXY8P8/Hirvonen et al_2015_Logic without borders.pdf}
}

@incollection{irvine2021a,
  title = {Russell‚Äôs {{Paradox}}},
  booktitle = {The {{Stanford Encyclopedia}} of {{Philosophy}}},
  author = {Irvine, Andrew David and Deutsch, Harry},
  editor = {Zalta, Edward N.},
  date = {2021},
  edition = {Spring 2021},
  publisher = {{Metaphysics Research Lab, Stanford University}},
  url = {https://plato.stanford.edu/archives/spr2021/entries/russell-paradox/},
  urldate = {2021-10-17},
  abstract = {Russell‚Äôs paradox is the most famous of the logical orset-theoretical paradoxes. Also known as the Russell-Zermelo paradox,the paradox arises within na√Øve set theory by considering the setof all sets that are not members of themselves. Such a set appears tobe a member of itself if and only if it is not a member of itself.Hence the paradox. , Some sets, such as the set of all teacups, are not members ofthemselves. Other sets, such as the set of all non-teacups, aremembers of themselves. Call the set of all sets that are not membersof themselves ‚ÄúRRR.‚Äù If RRR is a member ofitself, then by definition it must not be a member of itself.Similarly, if RRR is not a member of itself, then by definitionit must be a member of itself. , Although also noticed by Ernst Zermelo, the contradiction was notthought to be important until it was discovered independently by Bertrand Russell in the spring of 1901. Since then, the paradox has prompted a greatdeal of work in logic, set theory and the philosophy and foundations of mathematics.},
  keywords = {historical,history of set theory,paradoxes,set theory,stro},
  file = {/media/storage/sciebo pbox/Logik Vitus Sch√§fftlein/Zotero/storage/W3A2P74R/Irvine_Deutsch_2021_Russell‚Äôs Paradox.pdf;/media/storage/sciebo pbox/Logik Vitus Sch√§fftlein/Zotero/storage/PXW7EDPH/russell-paradox.html}
}

@article{ito2018,
  title = {The {{Origin}} of the {{Theory}} of {{Types}}},
  author = {Ito, Ryo},
  date = {2018},
  journaltitle = {Annals of the Japan Association for Philosophy of Science},
  volume = {27},
  pages = {27--44},
  doi = {10.4288/jafpos.27.0_27},
  file = {/media/storage/sciebo pbox/Logik Vitus Sch√§fftlein/Zotero/storage/WSHAV4JK/Ito_2018_The Origin of the Theory of Types.pdf}
}

@incollection{jourdain1991,
  title = {The {{Philosophy}} of {{Mr}}. {{B}}*rtr*nd {{R}}*ss*ll},
  booktitle = {Selected Essays on the History of Set Theory and Logics (1906-1918)},
  author = {Jourdain, Philip E. B},
  editor = {Grattan-Guinness, Ivor},
  date = {1991},
  origdate = {1918},
  publisher = {{CLUEB}},
  location = {{Bologna}},
  langid = {english},
  keywords = {history of set theory},
  file = {/media/storage/sciebo pbox/Logik Vitus Sch√§fftlein/Zotero/storage/6PEQXDAW/Jourdain_1991_.pdf}
}

@incollection{jourdain1991a,
  title = {The {{Development}} of {{Theories}} of {{Mathematical Logic}} and the {{Principles}} of {{Mathematics}}},
  booktitle = {Selected Essays on the History of Set Theory and Logics (1906-1918)},
  author = {Jourdain, Philip E. B},
  editor = {Grattan-Guinness, Ivor},
  date = {1991},
  origdate = {1910},
  publisher = {{CLUEB}},
  location = {{Bologna}},
  langid = {english},
  keywords = {history of set theory},
  file = {/media/storage/sciebo pbox/Logik Vitus Sch√§fftlein/Zotero/storage/N24Y4QPZ/Jourdain_1991_.pdf}
}

@incollection{jourdain1991b,
  title = {The {{Development}} of the {{Theory}} of {{Transfinite Numbers}}},
  booktitle = {Selected Essays on the History of Set Theory and Logics (1906-1918)},
  author = {Jourdain, Philip E. B},
  editor = {Grattan-Guinness, Ivor},
  date = {1991},
  origdate = {1905},
  publisher = {{CLUEB}},
  location = {{Bologna}},
  langid = {english},
  keywords = {history of set theory},
  file = {/media/storage/sciebo pbox/Logik Vitus Sch√§fftlein/Zotero/storage/C8GKQCBQ/Jourdain_1991_.pdf}
}

@book{jourdain1991c,
  title = {Selected Essays on the History of Set Theory and Logics (1906-1918)},
  author = {Jourdain, Philip E. B},
  editor = {Grattan-Guinness, Ivor},
  date = {1991},
  publisher = {{CLUEB}},
  location = {{Bologna}},
  langid = {english},
  keywords = {history of set theory,primary source},
  file = {/media/storage/sciebo pbox/Logik Vitus Sch√§fftlein/Zotero/storage/KC5ICDJJ/Jourdain_Grattan-Guinness_1991_Selected essays on the history of set theory and logics (1906-1918).pdf}
}

@book{kamareddine2004,
  title = {A Modern Perspective on Type Theory: From Its Origins until Today},
  shorttitle = {A Modern Perspective on Type Theory},
  author = {Kamareddine, Fairouz D. and Laan, Twan and Nederpelt, R. P.},
  date = {2004},
  series = {Applied Logic Series},
  number = {v. 29},
  publisher = {{Kluwer Academic Publishers}},
  location = {{Dordrecht ; Boston}},
  isbn = {978-1-4020-2334-7 978-1-4020-2335-4},
  pagetotal = {357},
  keywords = {type theory},
  file = {/media/storage/sciebo pbox/Logik Vitus Sch√§fftlein/Zotero/storage/96BW4U29/Kamareddine et al_2004_A modern perspective on type theory.pdf}
}

@article{kamke1935,
  title = {√úber die Begr√ºndung der Mengenlehre},
  author = {Kamke, E.},
  date = {1935-12-01},
  journaltitle = {Mathematische Zeitschrift},
  shortjournal = {Math Z},
  volume = {39},
  number = {1},
  pages = {112--125},
  issn = {1432-1823},
  doi = {10.1007/BF01201347},
  url = {https://doi.org/10.1007/BF01201347},
  urldate = {2021-11-16},
  langid = {german},
  file = {/media/storage/sciebo pbox/Logik Vitus Sch√§fftlein/Zotero/storage/G6U99FFS/Kamke - 1935 - √úber die Begr√ºndung der Mengenlehre.pdf}
}

@incollection{kammareddine2012,
  title = {A {{History}} of {{Types}}},
  booktitle = {Handbook of the {{History}} of {{Logic}}},
  author = {Kammareddine, Fairouz and Laan, Twan and Nederpelt, Rob},
  date = {2012},
  volume = {11},
  pages = {451--511},
  publisher = {{Elsevier}},
  doi = {10.1016/B978-0-444-52937-4.50009-5},
  url = {https://linkinghub.elsevier.com/retrieve/pii/B9780444529374500095},
  urldate = {2021-07-10},
  isbn = {978-0-444-52937-4},
  langid = {english},
  keywords = {handbook,historical,history of logic,history of type theory,type theory},
  file = {/media/storage/sciebo pbox/Logik Vitus Sch√§fftlein/Zotero/storage/5FHXK4QH/Kammareddine et al. - 2012 - A History of Types.pdf}
}

@incollection{kanamori2012a,
  title = {Set {{Theory}} from {{Cantor}} to {{Cohen}}},
  booktitle = {Handbook of the {{History}} of {{Logic}}},
  author = {Kanamori, Akihiro},
  date = {2012},
  volume = {6},
  pages = {1--71},
  publisher = {{Elsevier}},
  doi = {10.1016/B978-0-444-51621-3.50001-3},
  url = {https://linkinghub.elsevier.com/retrieve/pii/B9780444516213500013},
  urldate = {2021-07-10},
  isbn = {978-0-444-51621-3},
  langid = {english},
  keywords = {handbook,history of logic,history of set theory},
  file = {/media/storage/sciebo pbox/Logik Vitus Sch√§fftlein/Zotero/storage/JR46TUN2/Kanamori - 2012 - Set Theory from Cantor to Cohen.pdf}
}

@incollection{klev2019,
  title = {A {{Comparison}} of {{Type Theory}} with {{Set Theory}}},
  booktitle = {Reflections on the {{Foundations}} of {{Mathematics}}: {{Univalent Foundations}}, {{Set Theory}} and {{General Thoughts}}},
  author = {Klev, Ansten},
  editor = {Centrone, Stefania and Kant, Deborah and Sarikaya, Deniz},
  date = {2019},
  series = {Synthese {{Library}}},
  pages = {271--292},
  publisher = {{Springer International Publishing}},
  location = {{Cham}},
  doi = {10.1007/978-3-030-15655-8_12},
  url = {https://doi.org/10.1007/978-3-030-15655-8_12},
  urldate = {2021-10-03},
  abstract = {This paper discusses some of the ways in which Martin-L√∂f type theory differs from set theory. The discussion concentrates on conceptual, rather than technical, differences. It revolves around four topics: sets versus types; syntax; functions; and identity. The difference between sets and types is spelt out as the difference between unified pluralities and kinds, or sorts. A detailed comparison is then offered of the syntax of the two languages. Emphasis is put on the distinction between proposition and judgement, drawn by type theory, but not by set theory. Unlike set theory, type theory treats the notion of function as primitive. It is shown that certain inconveniences pertaining to function application that afflicts the set-theoretical account of functions are thus avoided. Finally, the distinction, drawn in type theory, between judgemental and propositional identity is discussed. It is argued that the criterion of identity for a domain cannot be formulated in terms of propositional identity. It follows that the axiom of extensionality cannot be taken as a statement of the criterion of identity for sets.},
  isbn = {978-3-030-15655-8},
  langid = {english},
  keywords = {interessant,set theory,type theory},
  file = {/media/storage/sciebo pbox/Logik Vitus Sch√§fftlein/Zotero/storage/AWSE3PBE/Klev_2019_A Comparison of Type Theory with Set Theory.pdf}
}

@article{kunne,
  title = {Frege on {{Singular Existentials}}},
  author = {K√ºnne, Wolfgang},
  file = {/media/storage/sciebo pbox/Logik Vitus Sch√§fftlein/Zotero/storage/MT38FFGM/K√ºnne_Frege on Singular Existentials.pdf}
}

@article{kuratowski1921,
  title = {Sur la notion de l'ordre dans la Th√©orie des Ensembles},
  author = {Kuratowski, Casimir},
  date = {1921},
  journaltitle = {Fundamenta Mathematicae},
  volume = {2},
  number = {1},
  pages = {161--171},
  issn = {0016-2736},
  langid = {fra},
  file = {/media/storage/sciebo pbox/Logik Vitus Sch√§fftlein/Zotero/storage/2R7BWU6R/Kuratowski_1921_Sur la notion de l'ordre dans la Th√©orie des Ensembles.pdf;/media/storage/sciebo pbox/Logik Vitus Sch√§fftlein/Zotero/storage/3IUNAKQ6/212966.html}
}

@article{linnebo2012,
  title = {Hierarchies {{Ontological}} and {{Ideological}}},
  author = {Linnebo, √òystein and Rayo, Agust√≠n},
  date = {2012},
  journaltitle = {Mind},
  volume = {121},
  number = {482},
  eprint = {23321978},
  eprinttype = {jstor},
  pages = {269--308},
  issn = {0026-4423},
  abstract = {G√∂del claimed that Zermelo-Fraenkel set theory is 'what becomes of the theory of types if certain superfluous restrictions are removed'. The aim of this paper is to develop a clearer understanding of G√∂del's remark, and of the surrounding philosophical terrain. In connection with this, we discuss some technical issues concerning infinitary type theories and the programme of developing the semantics for higher-order languages in other higher-order languages.},
  keywords = {type theory},
  file = {/media/storage/sciebo pbox/Logik Vitus Sch√§fftlein/Zotero/storage/UQKTYSNJ/Linnebo_Rayo_2012_Hierarchies Ontological and Ideological.pdf}
}

@book{loux2003,
  title = {The {{Oxford}} Handbook of Metaphysics},
  editor = {Loux, Michael J. and Zimmerman, Dean W.},
  date = {2003},
  publisher = {{Oxford University Press}},
  location = {{Oxford ; New York}},
  isbn = {978-0-19-825024-1},
  pagetotal = {724},
  keywords = {introduction,metaphysics},
  annotation = {OCLC: ocm52324390},
  file = {/media/storage/sciebo pbox/Logik Vitus Sch√§fftlein/Zotero/storage/97TCSQBY/Loux_Zimmerman_2003_The Oxford handbook of metaphysics.pdf}
}

@article{lowenheim1915,
  title = {√úber M√∂glichkeiten im Relativkalk√ºl},
  author = {L√∂wenheim, Leopold},
  date = {1915-12},
  journaltitle = {Mathematische Annalen},
  shortjournal = {Math. Ann.},
  volume = {76},
  number = {4},
  pages = {447--470},
  issn = {0025-5831, 1432-1807},
  doi = {10.1007/BF01458217},
  url = {http://link.springer.com/10.1007/BF01458217},
  urldate = {2021-11-11},
  langid = {german},
  keywords = {history of set theory,primary source},
  file = {/media/storage/sciebo pbox/Logik Vitus Sch√§fftlein/Zotero/storage/M667YPF4/L√∂wenheim_1915_√úber M√∂glichkeiten im Relativkalk√ºl.pdf}
}

@article{macor,
  title = {A {{Brief Introduction}} to {{Type Theory}} and the {{Univalence Axiom}}},
  author = {Macor, Jackson},
  pages = {15},
  abstract = {In this paper, we will introduce the basic concepts and notation of modern type theory in an informal manner. We will discuss functions, type formation, the nature of proof, and proceed to prove some basic results in sentential logic. These efforts will culminate in a proof of the axiom of choice in type theory. We will further introduce a few concepts in homotopy type theory, a modern invention which seeks to provide a foundation of mathematics without ZFC set theory. We will conclude with the univalence axiom, an indispensable tool in homotopy type theory, and use it to prove a stronger version of the axiom of choice.},
  langid = {english},
  keywords = {type theory},
  file = {/media/storage/sciebo pbox/Logik Vitus Sch√§fftlein/Zotero/storage/SCFXUURU/Macor - A BRIEF INTRODUCTION TO TYPE THEORY AND THE UNIVAL.pdf}
}

@book{ModernLogic185019502016,
  title = {Modern Logic 1850-1950, {{East}} and {{West}}},
  date = {2016},
  publisher = {{Springer Berlin Heidelberg}},
  location = {{New York, NY}},
  isbn = {978-3-319-24754-0},
  file = {/media/storage/sciebo pbox/Logik Vitus Sch√§fftlein/Zotero/storage/PCRCJY7D/2016_Modern logic 1850-1950, East and West.pdf}
}

@book{moore1982,
  title = {Zermelo's {{Axiom}} of {{Choice}}: {{Its Origins}}, {{Development}}, and {{Influence}}},
  shorttitle = {Zermelo's {{Axiom}} of {{Choice}}},
  author = {Moore, Gregory H},
  date = {1982},
  publisher = {{Springer New York}},
  location = {{New York, NY}},
  url = {https://doi.org/10.1007/978-1-4613-9478-5},
  urldate = {2021-10-03},
  abstract = {This book grew out of my interest in what is common to three disciplines: mathematics, philosophy, and history. The origins of Zermelo's Axiom of Choice, as well as the controversy that it engendered, certainly lie in that intersection. Since the time of Aristotle, mathematics has been concerned alternately with its assumptions and with the objects, such as number and space, about which those assumptions were made. In the historical context of Zermelo's Axiom, I have explored both the vagaries and the fertility of this alternating concern. Though Zermelo's research has provided the focus for this book, much of it is devoted to the problems from which his work originated and to the later developments which, directly or indirectly, he inspired. A few remarks about format are in order. In this book a publication is indicated by a date after a name; so Hilbert 1926, 178 refers to page 178 of an article written by Hilbert, published in 1926, and listed in the bibliography.},
  isbn = {978-1-4613-9480-8 978-1-4613-9478-5},
  langid = {english},
  keywords = {history of set theory,set theory},
  annotation = {OCLC: 852789297},
  file = {/media/storage/sciebo pbox/Logik Vitus Sch√§fftlein/Zotero/storage/EHB3QWYR/Moore_1982_Zermelo's Axiom of Choice.pdf}
}

@book{mostowski1979,
  title = {Foundational Studies: Selected Works {{II}}},
  shorttitle = {Foundational Studies},
  author = {Mostowski, Andrzej and Kuratowski, Kazimierz},
  date = {1979},
  series = {Studies in Logic and the Foundations of Mathematics},
  volume = {2},
  number = {v. 93},
  publisher = {{North-Holland Pub. Co. Sole distributor for the U.S.A. and Canada, Elsevier North-Holland}},
  location = {{Amsterdam New York}},
  isbn = {978-0-444-85102-4 978-0-444-85103-1},
  langid = {english},
  keywords = {history of set theory,ocr},
  file = {/media/storage/sciebo pbox/Logik Vitus Sch√§fftlein/Zotero/storage/BK693QCL/Mostowski_Kuratowski_1979_Foundational studies.pdf}
}

@book{mostowski1979a,
  title = {Foundational Studies: Selected Works {{I}}},
  shorttitle = {Foundational Studies},
  author = {Mostowski, Andrzej and Kuratowski, Kazimierz},
  date = {1979},
  series = {Studies in Logic and the Foundations of Mathematics},
  volume = {1},
  number = {v. 93},
  publisher = {{North-Holland Pub. Co. ; sole distributor for the U.S.A. and Canada, Elsevier North-Holland}},
  location = {{Amsterdam ; New York : New York}},
  isbn = {978-0-444-85102-4},
  pagetotal = {2},
  keywords = {history of set theory,ocr},
  file = {/media/storage/sciebo pbox/Logik Vitus Sch√§fftlein/Zotero/storage/XWWH6ML6/Mostowski_Kuratowski_1979_Foundational studies.pdf}
}

@book{nederpelt2014,
  title = {Type Theory and Formal Proof: An Introduction},
  shorttitle = {Type Theory and Formal Proof},
  author = {Nederpelt, R. P. and Geuvers, Herman},
  date = {2014},
  publisher = {{Cambridge University Press}},
  location = {{Cambridge ; New York}},
  abstract = {"Type theory is a fast-evolving field at the crossroads of logic, computer science and mathematics. This gentle step-by-step introduction is ideal for graduate students and researchers who need to understand the ins and outs of the mathematical machinery, the role of logical rules therein, the essential contribution of definitions and the decisive nature of well-structured proofs. The authors begin with untyped lambda calculus and proceed to several fundamental type systems culminating in the well-known and powerful Calculus of Constructions. The book also covers the essence of proof checking and proof development, and the use of dependent type theory to formalize mathematics. The only prerequisites are a good knowledge of undergraduate algebra and analysis. Carefully chosen examples illustrate the theory throughout. Each chapter ends with a summary of the content, some historical context, suggestions for further reading and a selection of exercises to help readers familiarize themselves with the material"--},
  isbn = {978-1-107-03650-5},
  pagetotal = {436},
  keywords = {lambda calculus,type theory},
  file = {/media/storage/sciebo pbox/Logik Vitus Sch√§fftlein/Zotero/storage/GLNBFPVV/Nederpelt_Geuvers_2014_Type theory and formal proof.pdf}
}

@article{neumann1923,
  title = {Zur {{Einf√ºhrung}} Der Transfiniten {{Zahlen}}},
  author = {von Neumann, John},
  date = {1923},
  journaltitle = {Acta Scientiarum Mathematicarum},
  volume = {1},
  number = {4},
  pages = {199--208},
  keywords = {history of set theory,primary source},
  file = {/media/storage/sciebo pbox/Logik Vitus Sch√§fftlein/Zotero/storage/XPM6IZAM/Neumann_1923_Zur Einf√ºhrung der transfiniten Zahlen.pdf}
}

@article{neumann1925,
  title = {Eine {{Axiomatisierung}} Der {{Mengenlehre}}},
  author = {von Neumann, John},
  date = {1925},
  journaltitle = {Journal f√ºr die reine und angewandte Mathematik},
  volume = {154},
  pages = {219--240},
  file = {/media/storage/sciebo pbox/Logik Vitus Sch√§fftlein/Zotero/storage/P38MCJEI/Neumann - Eine Axiomatisierung der Mengenlehre..pdf}
}

@article{neumann1928,
  title = {√úber die Definition durch transfinite Induktion und verwandte Fragen der allgemeinen Mengenlehre},
  author = {von Neumann, John},
  date = {1928-12},
  journaltitle = {Mathematische Annalen},
  shortjournal = {Math. Ann.},
  volume = {99},
  number = {1},
  pages = {373--391},
  issn = {0025-5831, 1432-1807},
  doi = {10.1007/BF01459102},
  url = {http://link.springer.com/10.1007/BF01459102},
  urldate = {2021-11-11},
  langid = {german},
  keywords = {history of set theory,primary source},
  file = {/media/storage/sciebo pbox/Logik Vitus Sch√§fftlein/Zotero/storage/SGEX85Y6/Neumann_1928_√úber die Definition durch transfinite Induktion und verwandte Fragen der.pdf}
}

@article{neumann1928a,
  title = {Die Axiomatisierung der Mengenlehre},
  author = {von Neumann, John},
  date = {1928-12},
  journaltitle = {Mathematische Zeitschrift},
  shortjournal = {Math Z},
  volume = {27},
  number = {1},
  pages = {669--752},
  issn = {0025-5874, 1432-1823},
  doi = {10.1007/BF01171122},
  url = {http://link.springer.com/10.1007/BF01171122},
  urldate = {2021-11-11},
  langid = {german},
  keywords = {history of set theory,primary source},
  file = {/media/storage/sciebo pbox/Logik Vitus Sch√§fftlein/Zotero/storage/QLB2CZE6/Neumann_1928_Die Axiomatisierung der Mengenlehre.pdf}
}

@article{peckhaus2002,
  title = {Hilbert's {{Paradox}}},
  author = {Peckhaus, Volker and Kahle, Reinhard},
  date = {2002-05-01},
  journaltitle = {Historia Mathematica},
  shortjournal = {Historia Mathematica},
  volume = {29},
  number = {2},
  pages = {157--175},
  issn = {0315-0860},
  doi = {10.1006/hmat.2002.2345},
  url = {https://www.sciencedirect.com/science/article/pii/S0315086002923451},
  urldate = {2021-10-17},
  abstract = {In this paper Hilbert's paradox is for the first time published completely. It was discovered by David Hilbert while he was struggling with Cantor's set theory. According to Hilbert, it initiated Ernst Zermelo's version of the Zermelo‚ÄìRussell paradox. It is the paradox of all sets derived from addition (union) and self-mapping. It is similar to Cantor's paradox of the set of all cardinals, but, following Hilbert, of ‚Äúpurely mathematical nature‚Äù, because an open reference to Cantor's cardinal and ordinal arithmetic is avoided. ¬© 2002 Elsevier Science (USA). In diesem Aufsatz wird erstmals die Hilbertsche Antinomie vollst√§ndig publiziert. David Hilbert hat sie w√§hrend seiner Auseinandersetzungen mit der Cantorschen Mengenlehre gefunden. Seinen Angaben zufolge wurde Ernst Zermelo durch sie zu seiner Version der Zermelo‚ÄìRussellschen Antinomie angeregt. Es handelt sich um die Antinomie der Menge aller durch Addition (Vereinigung) und Selbstbelegung erzeugbaren Mengen. Sie √§hnelt der Cantorschen Antinomie der Menge aller Kardinalzahlen, ist aber, so Hilbert, ‚Äúrein mathematisch,‚Äù da in ihr ein offensichtlicher Bezug zur Cantorschen Kardinal- und Ordinalzahlarithmetik vermieden wird. ¬© 2002 Elsevier Science (USA). MSC 2000 subject classifications: 01A55, 01A60, 03-03, 03A05, 03E30.},
  langid = {english},
  keywords = {historical,history of set theory,russell's paradox,stro},
  file = {/media/storage/sciebo pbox/Logik Vitus Sch√§fftlein/Zotero/storage/XGZ4UMSA/Peckhaus_Kahle_2002_Hilbert's Paradox.pdf}
}

@incollection{pinter2014a,
  title = {Historical {{Introduction}}},
  booktitle = {A {{Book}} of {{Set Theory}}},
  author = {Pinter, Charles C},
  date = {2014},
  publisher = {{Dover Publications}},
  location = {{Newburyport}},
  url = {http://qut.eblib.com.au/patron/FullRecord.aspx?p=1920027},
  urldate = {2020-11-18},
  abstract = {Suitable for upper-level undergraduates, this accessible approach to set theory poses rigorous but simple arguments. Each definition is accompanied by commentary that motivates and explains new concepts. Starting with a repetition of the familiar arguments of elementary set theory, the level of abstract thinking gradually rises for a progressive increase in complexity.A historical introduction presents a brief account of the growth of set theory, with special emphasis on problems that led to the development of the various systems of axiomatic set theory. Subsequent chapters explore classes and.},
  isbn = {978-0-486-79549-2},
  langid = {english},
  keywords = {history of set theory,introduction,set theory},
  annotation = {OCLC: 1162370682},
  file = {/media/storage/sciebo pbox/Logik Vitus Sch√§fftlein/Zotero/storage/GLPV3UB9/Pinter_2014_Historical Introduction.pdf}
}

@inreference{pohlers1994,
  title = {Mengenlehre ({{Reader}})},
  author = {Pohlers, Wolfram},
  date = {1994},
  file = {/media/storage/sciebo pbox/Logik Vitus Sch√§fftlein/Zotero/storage/45F79YJI/pohlers.mengenlehre_1994.pdf}
}

@book{preyer2008,
  title = {Philosophy of Mathematics: Set Theory, Measuring Theories, and Nominalism},
  shorttitle = {Philosophy of Mathematics},
  author = {Preyer, Gerhard and Peter, Georg},
  date = {2008},
  series = {{{LOGOS}}},
  number = {Band 13},
  publisher = {{Ontos Verlag}},
  location = {{Frankfurt}},
  isbn = {978-3-86838-009-5},
  langid = {english},
  keywords = {set theory},
  file = {/media/storage/sciebo pbox/Logik Vitus Sch√§fftlein/Zotero/storage/TAQYKEAC/Preyer_Peter_2008_Philosophy of mathematics.pdf}
}

@article{rautenberg,
  title = {Grundkurs Mengenlehre},
  author = {Rautenberg, Wolfgang},
  pages = {128},
  langid = {german},
  keywords = {set theory},
  file = {/media/storage/sciebo pbox/Logik Vitus Sch√§fftlein/Zotero/storage/37JINKQA/Rautenberg - Grundkurs Mengenlehre.pdf}
}

@book{rubin1985,
  title = {Equivalents of the Axiom of Choice, {{II}}},
  author = {Rubin, Herman and Rubin, Jean E},
  date = {1985},
  publisher = {{North-Holland ; Sole distributors for the U.S.A. and Canada, Elsevier Science Pub. Co.}},
  location = {{Amsterdam; New York; New York, N.Y., U.S.A.}},
  url = {http://site.ebrary.com/id/10259030},
  urldate = {2021-11-11},
  abstract = {This monograph contains a selection of over 250 propositions which are equivalent to AC. The first part on set forms has sections on the well-ordering theorem, variants of AC, the law of the trichotomy, maximal principles, statements related to the axiom of foundation, forms from algebra, cardinal number theory, and a final section of forms from topology, analysis and logic. The second part deals with the axiom of choice for classes - well-ordering theorem, choice and maximal principles.},
  isbn = {9780444877086 9780080887654 9781281788306 9786611788308},
  langid = {english},
  annotation = {OCLC: 316549620},
  file = {/media/storage/sciebo pbox/Logik Vitus Sch√§fftlein/Zotero/storage/54NRZG99/Rubin_Rubin_1985_Equivalents of the axiom of choice, II.pdf}
}

@article{schreiber1996,
  title = {Mengenlehre‚ÄîVom Himmel Cantors zur Theoria prima inter pares},
  author = {Schreiber, Peter},
  date = {1996-03-01},
  journaltitle = {NTM International Journal of History \& Ethics of Natural Sciences, Technology \& Medicine},
  shortjournal = {NTM N.S.},
  volume = {4},
  number = {1},
  pages = {129},
  issn = {1420-9144},
  doi = {10.1007/BF02913788},
  url = {https://doi.org/10.1007/BF02913788},
  urldate = {2021-11-16},
  abstract = {On the occasion of the 150th birthday of Georg Cantor (1845‚Äì1918), the founder of the theory of sets, the development of the logical foundations of this theory is described as a sequence of catastrophes and of trials to save it. Presently, most mathematicians agree that the set theory exactly defines the subject of mathematics, i.e., any subject is a mathematical one if it may be defined in the ‚Äúlanguage‚Äù (i.e., in the notions) of set theory. Hence the nature of formal definitions plays an important role within the logical foundations of mathematics. Its study is also helpful to answer the question of how it is possible that the set theory as a universal new ontology for the subject of mathematics (as people hoped around 1900) totally failed but nevertheless the language of set theory is successful in all the mathematical practice.},
  langid = {german},
  file = {/media/storage/sciebo pbox/Logik Vitus Sch√§fftlein/Zotero/storage/52Y3CN8B/Schreiber - 1996 - Mengenlehre‚ÄîVom Himmel Cantors zur Theoria prima i.pdf}
}

@book{segal2003,
  title = {Mathematicians under the {{Nazis}}},
  author = {Segal, Sanford L.},
  date = {2003},
  publisher = {{Princeton University Press}},
  location = {{Princeton, N.J}},
  isbn = {978-0-691-00451-8},
  pagetotal = {530},
  keywords = {history of logic},
  file = {/media/storage/sciebo pbox/Logik Vitus Sch√§fftlein/Zotero/storage/N3XZGKHP/Segal_2003_Mathematicians under the Nazis.pdf}
}

@incollection{skolem1920,
  title = {Logisch-kombinatorische Untersuchungen √ºber die Erf√ºllbarkeit oder Beweisbarkeit mathematischer S√§tze nebst einem Theoreme √ºber dichte Mengen},
  booktitle = {Skrifter utgit av Videnskapsselskapet i Kristiania},
  author = {Skolem, Thoralf},
  date = {1920},
  publisher = {{Kristiania : I Kommission hos J. Dybwad}},
  url = {http://archive.org/details/skrifterutgitavv201chri},
  urldate = {2021-11-26},
  abstract = {Title from volume title page; Index to the years 1894-1924 is included in "Register til Forhandlinger og Skrifter utgit av Videnskaps-selskapet i Kristiania, 1858-1924."; Shelved with: Skrifter utgitt av det Norske videnskaps-akademi i Oslo. I, Matematisk-naturvidenskapelig klasse},
  langid = {danish},
  keywords = {l√∂wenheim-skolem},
  file = {/media/storage/sciebo pbox/Logik Vitus Sch√§fftlein/Zotero/storage/APKAVLRY/Skolem_1920_Logisch-kombinatorische Untersuchungen √ºber die Erf√ºllbarkeit oder.pdf}
}

@incollection{skolem1979,
  title = {Einige Bemerkungen zur axiomatischen Begr√ºndung der Mengenlehre},
  booktitle = {Mengenlehre},
  author = {Skolem, Thoralf},
  editor = {Felgner, Ulrich},
  date = {1979},
  origdate = {1922},
  publisher = {{Wissenschaftliche Buchgesellschaft [Abt. Verl.]}},
  location = {{Darmstadt}},
  isbn = {978-3-534-06711-4},
  langid = {german},
  keywords = {historical,history of set theory,introduction,primary source,set theory},
  file = {/media/storage/sciebo pbox/Logik Vitus Sch√§fftlein/Zotero/storage/EQJXASH3/Skolem_1979_Einige Bemerkungen zur axiomatischen Begr√ºndung der Mengenlehre.pdf}
}

@incollection{skolem1981,
  title = {Some Remarks on Axiomatized Set Theory},
  booktitle = {From {{Frege}} to {{G√∂del}}},
  author = {Skolem, Thoralf},
  editor = {van Heijenoort, Jean},
  date = {1981},
  origdate = {1922},
  edition = {4. pr},
  publisher = {{Harvard Univ. Pr}},
  location = {{Cambridge, Mass}},
  isbn = {978-0-674-32449-7},
  keywords = {history of logic,https://sci-hub.ru/,primary source},
  file = {/media/storage/sciebo pbox/Logik Vitus Sch√§fftlein/Zotero/storage/BELEKZ98/Skolem_1981_Some remarks on axiomatized set theory.pdf}
}

@book{stillwell2010,
  title = {Roads to Infinity: The Mathematics of Truth and Proof},
  shorttitle = {Roads to Infinity},
  author = {Stillwell, John},
  date = {2010},
  publisher = {{A K Peters}},
  location = {{Natick, Mass}},
  isbn = {978-1-56881-466-7},
  pagetotal = {203},
  keywords = {axioms of set theory,history of set theory,infinity},
  annotation = {OCLC: ocn460058722},
  file = {/media/storage/sciebo pbox/Logik Vitus Sch√§fftlein/Zotero/storage/X9C3VRHD/Stillwell_2010_Roads to infinity.pdf}
}

@book{streicher2013,
  title = {Semantics of Type Theory: Correctness, Completeness and Independence Results.},
  shorttitle = {Semantics of Type Theory},
  author = {Streicher, Thomas},
  date = {2013},
  publisher = {{Birkhauser}},
  location = {{Place of publication not identified}},
  isbn = {978-1-4612-6757-7},
  langid = {english},
  keywords = {type theory},
  annotation = {OCLC: 1004593163},
  file = {/media/storage/sciebo pbox/Logik Vitus Sch√§fftlein/Zotero/storage/JJT5RIIW/Streicher_2013_Semantics of type theory.pdf}
}

@book{tiles2004a,
  title = {The Philosophy of Set Theory: An Historical Introduction to {{Cantor}}'s Paradise},
  shorttitle = {The Philosophy of Set Theory},
  author = {Tiles, Mary},
  date = {2004},
  edition = {Dover edition},
  publisher = {{Dover Publications}},
  location = {{Mineola, N.Y}},
  isbn = {978-0-486-43520-6},
  pagetotal = {239},
  keywords = {finitism,history of set theory,zeno's paradoxes},
  file = {/media/storage/sciebo pbox/Logik Vitus Sch√§fftlein/Zotero/storage/FY7WQA34/Tiles_2004_The philosophy of set theory.pdf}
}

@article{veblen1904,
  title = {A System of Axioms for Geometry},
  author = {Veblen, Oswald},
  date = {1904},
  journaltitle = {Transactions of the American Mathematical Society},
  shortjournal = {Trans. Amer. Math. Soc.},
  volume = {5},
  number = {3},
  pages = {343--384},
  issn = {0002-9947, 1088-6850},
  doi = {10.1090/S0002-9947-1904-1500678-X},
  url = {https://www.ams.org/tran/1904-005-03/S0002-9947-1904-1500678-X/},
  urldate = {2021-11-12},
  langid = {english},
  file = {/media/storage/sciebo pbox/Logik Vitus Sch√§fftlein/Zotero/storage/WIETFQQ4/Veblen_1904_A system of axioms for geometry.pdf}
}

@article{zermelo1908,
  title = {Untersuchungen √ºber die Grundlagen der Mengenlehre. I},
  author = {Zermelo, E.},
  date = {1908-06-01},
  journaltitle = {Mathematische Annalen},
  shortjournal = {Math. Ann.},
  volume = {65},
  number = {2},
  pages = {261--281},
  issn = {1432-1807},
  doi = {10.1007/BF01449999},
  url = {https://doi.org/10.1007/BF01449999},
  urldate = {2021-06-30},
  langid = {german},
  keywords = {history of set theory,primary source,set theory},
  file = {/media/storage/sciebo pbox/Logik Vitus Sch√§fftlein/Zotero/storage/4LF6Y5B6/Zermelo_1908_Untersuchungen √ºber die Grundlagen der Mengenlehre.pdf}
}

@article{zermelo1908a,
  title = {Neuer Beweis f√ºr die M√∂glichkeit einer Wohlordnung},
  author = {Zermelo, E.},
  date = {1908},
  journaltitle = {Mathematische Annalen},
  shortjournal = {Math. Ann.},
  volume = {65},
  number = {1},
  pages = {107--128},
  issn = {1432-1807},
  doi = {10.1007/BF01450054},
  url = {https://doi.org/10.1007/BF01450054},
  urldate = {2021-10-25},
  langid = {german},
  keywords = {history of set theory,primary source},
  file = {/media/storage/sciebo pbox/Logik Vitus Sch√§fftlein/Zotero/storage/QRUA76ZU/Zermelo_1907_Neuer Beweis f√ºr die M√∂glichkeit einer Wohlordnung.pdf}
}

@article{zermelo1930,
  title = {√úber {{Grenzzahlen}} Und {{Mengenbereiche}}},
  author = {Zermelo, Ernst},
  date = {1930},
  journaltitle = {Fundamenta Mathematicae},
  volume = {16},
  number = {1},
  pages = {29--47},
  keywords = {axiom of foundation,history of set theory,primary source},
  file = {/media/storage/sciebo pbox/Logik Vitus Sch√§fftlein/Zotero/storage/ER5QIDHM/Zermelo_1930_√úber Grenzzahlen und Mengenbereiche.pdf}
}

@book{zermelo2010,
  title = {Gesammelte Werke},
  shorttitle = {Collected works =},
  author = {Zermelo, Ernst and Ebbinghaus, Heinz-Dieter and Fraser, Craig G. and Kanamori, Akihiro},
  date = {2010},
  series = {Schriften der mathematisch-naturwissenschaftlichen Klasse der Heidelberger Akademie der Wissenschaften},
  number = {Nr. 21-},
  publisher = {{Springer}},
  location = {{Heidelberg}},
  isbn = {978-3-540-79383-0 978-3-540-79384-7},
  langid = {eng ger fre},
  pagetotal = {1},
  keywords = {primary source,set theory},
  file = {/media/storage/sciebo pbox/Logik Vitus Sch√§fftlein/Zotero/storage/A5PMGDRU/Zermelo et al. - 2010 - Collected works = Gesammelte Werke.pdf}
}

@misc{zotero-5449,
  title = {Russell-{{Antinomie}}},
  keywords = {set theory},
  file = {/media/storage/sciebo pbox/Logik Vitus Sch√§fftlein/Zotero/storage/7EAE6L5D/Mengenlehre 2.pdf;/media/storage/sciebo pbox/Logik Vitus Sch√§fftlein/Zotero/storage/V2L85IU7/Mengenlehre.pdf}
}

@online{zotero-6194,
  title = {Skrifter Utgit Av {{Videnskapsselskapet}} i {{Kristiania}} : {{Christiania}} Videnskabs-Selskab. {{I--Math}}.-Naturv. Klasse : {{Free Download}}, {{Borrow}}, and {{Streaming}} : {{Internet Archive}}},
  url = {https://archive.org/details/skrifterutgitavv201chri/page/n7/mode/2up?view=theater},
  urldate = {2021-11-26},
  file = {/media/storage/sciebo pbox/Logik Vitus Sch√§fftlein/Zotero/storage/KUBZKGDU/2up.html}
}


